@String{pub-Springer            = "Spring{\-}er-Ver{\-}lag"}
@String{pub-Springer:adr-B      = "Berlin"}
@String{pub-Springer:adr-L      = "London"}
@String{pub-Springer:adr-NY     = "New York"}
@string{intel:editor            = "Intel Corporation"}
@string{nvidia:editor           = "NVIDIA Corporation"}

@article{
	bjorck:hammarling:1983,
	title = "A {S}chur method for the square root of a matrix",
	journal = "Linear Algebra and its Applications",
	volume = "52--53",
	pages = "127 - 140",
	year = "1983",
	author = "Åke Björck and Sven Hammarling"
}
@article{
	Brodtkorb:2010:SHC,
	author =    "Andre R. Brodtkorb and Christopher Dyken and Trond R. Hagen and Jon M. Hjelmervik and Olaf O. Storaasli",
	title =     "State-of-the-art in heterogeneous computing",
	journal =   "Sci. Program.",
	volume =    "18",
	number =    "1",
	month =     "January",
	year =      "2010",
	issn =      "1058-9244",
	url =       "http://dl.acm.org/citation.cfm?id=1804799.1804800",
	publisher = "IOS Press",
	address =   "Amsterdam, The Netherlands, The Netherlands"
}
@article{
	Stone:2010:OPPS,
	author = {Stone, John E. and Gohara, David and Shi, Guochun},
	title = {OpenCL: A Parallel Programming Standard for Heterogeneous Computing Systems},
	journal = {IEEE Des. Test},
	issue_date = {May 2010},
	volume = {12},
	number = {3},
	month = may,
	year = {2010},
	issn = {0740-7475},
	pages = {66--73},
	numpages = {8},
	url = {http://dx.doi.org/10.1109/MCSE.2010.69},
	doi = {10.1109/MCSE.2010.69},
	acmid = {1803953},
	publisher = {IEEE Computer Society Press},
	address = {Los Alamitos, CA, USA}
}
@misc{
	NVIDIA:CUDACPG:5:0,
	author =      "NVIDIA Corporation",
	title =       "{CUDA C Programming Guide}",
	version =     "5.0",
	year =        "2012",
	month =        "October",
	howpublished = "\url{http://docs.nvidia.com/cuda/pdf/CUDA_C_Programming_Guide.pdf}"
}
@manual{
	NVIDIA:CUBLAS:5:0,
	author =      "{NVIDIA}",
	title =       "{cuBLAS} Library - User Guide",
	year =        "2012-10",

	version = "5.0",
	url     = "http://docs.nvidia.com/cuda/pdf/CUDA_CUBLAS_Users_Guide.pdf",
}
urldate = "2013-03-04"
@manual{
	NVIDIA:CUSPARSE:5:0,
	author =  "{NVIDIA}",
	title  =  "{cuSPARSE} Library - User Guide",
	date   =  "2012-10",

	version = "5.0",
	url     = "http://docs.nvidia.com/cuda/pdf/CUDA_CUSPARSE_Users_Guide.pdf",
}
urldate = "2013-03-04"
@manual{
	NAG:GPU:0:6,
	author      = "{The Numerical Algorithms Group}",
	shortauthor = "NAG",
	title       = "{NAG Numerical Routines for GPUs Manual}",
	date        = "2012-04",
	url         = "http://www.nag.com/numeric/GPUs/naggpu_doc_0.6.pdf"
}
urldate     = "2013-03-04"
@online{
	NAG:MIC,
	author      = "{The Numerical Algorithms Group}",
	shortauthor = "NAG",
	title       = "{NAG Library Manual, Mark 23}",
	date        = "2013-08",
	url         = "http://www.nag.com/numeric/fl/nagdoc_Intel_MIC_FS23.3/xhtml/FRONTMATTER/manconts.xml",
}
@inproceedings {
	Mariano:Alves:2012,
	author = "Artur Mariano and Ricardo Alves and João Barbosa and Luís Paulo Santos and Alberto Proença",
	title =  "A (ir)regularity-aware task scheduler for heterogeneous platforms",
	booktitle = "Proceedings of the 2nd International Conference on High Performance Computing",
	year =   "2012",

	pages = "45-56",
	address = "Kiev",
	month = "October",
}
@book{
	Higham:2008:FM,
	author =    "Nicholas J. Higham",
	title =     "Functions of Matrices: {Theory} and Computation",
	publisher = "Society for Industrial and Applied Mathematics",
	address =   "Philadelphia, PA, USA",
	year =      "2008",
	isbn =      "978-0-898716-46-7"
}
@book{
	Hennessy:Patterson:2012:CAQA,
	author =    "John L. Hennessy and David A. Patterson",
	title =     "Computer Architecture, Fifth Edition: A Quantitative Approach",
	year =      "2011",
	isbn =      "012383872X, 9780123838728",
	edition =   "5th",
	publisher = "Morgan Kaufmann Publishers Inc.",
	address =   "San Francisco, CA, USA",
}
@article {
	PLASMA:MAGMA,
	author       = "Agullo, E. and Demmel, J. and Dongarra, J. and Hadri, B. and Kurzak, J. and Langou, J. and Ltaief, H. and Luszczek, P. and Tomov, S.",
	title        = "Numerical linear algebra on emerging architectures: The PLASMA and MAGMA projects",
	journaltitle = "Journal of Physics: Conference Series",
	year         = "2009",

	institution = "Innovative Computing Laboratory, University of Tennessee",
	volume =      "180",
	number =      "1"
}
@online{
	Higham:MFT,
	author =       "Higham, Nicholas J.",
	title =        "The {Matrix Function Toolbox}",
	url = "http://www.ma.man.ac.uk/~higham/mftoolbox",
}
urldate = "2013-03-04"
@online {
	NAG,
	author =       "{The Numerical Algorithms Group}",
	shortauthor =  "NAG",
	title =        "{NAG Numerical Components}",
	url =          "http://www.nag.co.uk",
}
urldate =      "2013-03-04"
@misc {
	Intel:MIC,
	author =       "Intel Corporation",
	title =        "{Many Integrated Core (MIC) Architecture}",
	howpublished = "\url{http://www.intel.com/content/www/us/en/architecture-and-technology/many-integrated-core/intel-many-integrated-core-architecture.html}",
	note =         "[Online; accessed November 8, 2012]"
}
@online{
	Intel:CacheBlockingTechniques,
	author =       "Wendy Doerner",
	editor =       "Intel Corporation",
	title =        "{Cache Blocking Techniques}",
	url = "http://software.intel.com/en-us/articles/cache-blocking-techniques"
}
@misc {
	ACCELEREYES:WIKI:SQRTM,
	author       = "{AccelerEyes}",
	title        = "{SQRTM} - Jacket Wiki",
	url          = "http://wiki.accelereyes.com/wiki/index.php/SQRTM",
	urldate      = "2013-08-31"
}
@misc {
	CULA:LAPACK,
	author =       "{EM Photonics}",
	title =        "CULAPACK Function List",
	url = "http://www.culatools.com/dense/lapack/",
	
}
urldate = "2013-03-04"
@misc {
	CUSP:FEATURES,
	author =       "N. Bell and M. Garland",
	title =        "Cusp Library Features",
	version =      "0.3.0",
	date = "2012-03",
	url = "http://code.google.com/p/cusp-library/wiki/Features",
	
}
urldate = "2013-03-04"
@misc{
	OpenCL:1:2:15,
	author =      "Khronos OpenCL Working Group",
	title =       "{The OpenCL Specification 1.2, revision 15}",
	institution = "Khronos Group",
	year =        "2011",
	month =       "November",
	url =         "http://eprints.ma.man.ac.uk/1775"
}
@techreport {
	StarPU,
    url = "http://hal.inria.fr/inria-00467677/PDF/RR-7240.pdf",
    title = "{StarPU: a Runtime System for Scheduling Tasks over Accelerator-Based Multicore Machines}",
    author = "Augonnet, C{\'e}dric and Thibault, Samuel and Namyst, Raymond",
    affiliation = {Laboratoire Bordelais de Recherche en Informatique - LaBRI , RUNTIME - INRIA Bordeaux - Sud-Ouest},
    type = {Rapport de recherche},
    institution = {INRIA},
    number = {RR-7240},
    year = {2010},
    month = {March},
}
@techreport{
	Barbosa:2012,
	author =      "João Barbosa",
	title =       "GAMA framework: Hardware Aware Scheduling in Heterogeneous Environments",
	institution = "Informatics Department, University of Minho",
	year =        "2012",

	month =       "September"
}
@mastersthesis {
	Alves:2012,
	author = "Ricardo D. Q. Alves",
	title = "Distributed Shared Memory on Heterogeneous CPUs+GPUs Platforms",
	school = "Universidade do Minho",
	year =   "2012",

	month =  "October"
}
@misc{
	Armadillo:2010,
	author={Conrad Sanderson and Ryan Curtin and many contributors},
	title={Armadillo library},
	year={2013},
	note={\url{http://mloss.org/software/view/176/}}
}
@techreport{NVIDIA:FERMI,
  title={NVIDIA's Next Generation CUDA Compute Architectur: Fermi},
  author={NVIDIA},
  organization={NVIDIA},
  year={2009}
}
@techreport{
	NVIDIA:KEPLER,
	title={NVIDIA's Next Generation CUDA Compute Architectur: Kepler GK110},
	author={NVIDIA},
	organization={NVIDIA},
	year={2012}
}
@article{
	Hill:Marty:2008,
	author = {Hill, Mark D. and Marty, Michael R.},
	title = {Amdahl's Law in the Multicore Era},
	journal = {Computer},
	issue_date = {July 2008},
	volume = {41},
	number = {7},
	month = jul,
	year = {2008},
	pages = {33--38},
	numpages = {6},
	
	doi = {10.1109/MC.2008.209},
	acmid = {1449387},
	publisher = {IEEE Computer Society Press},
	address = {Los Alamitos, CA, USA},
}
@article{
	Gustafson:1988,
	author = {Gustafson, John L.},
	title = {Reevaluating Amdahl's law},
	journal = {Commun. ACM},
	issue_date = {May 1988},
	volume = {31},
	number = {5},
	month = may,
	year = {1988},
	issn = {0001-0782},
	pages = {532--533},
	numpages = {2},
	url = {http://doi.acm.org/10.1145/42411.42415},
	doi = {10.1145/42411.42415},
	acmid = {42415},
	publisher = {ACM},
	address = {New York, NY, USA},
} 
@inproceedings{
	OpenMPC,
 author = {Lee, Seyong and Eigenmann, Rudolf},
 title = {OpenMPC: Extended OpenMP Programming and Tuning for GPUs},
 booktitle = {Proceedings of the 2010 ACM/IEEE International Conference for High Performance Computing, Networking, Storage and Analysis},
 series = {SC '10},
 year = {2010},
 isbn = {978-1-4244-7559-9},
 pages = {1--11},
 numpages = {11},
 url = {http://dx.doi.org/10.1109/SC.2010.36},
 doi = {10.1109/SC.2010.36},
 acmid = {1884674},
 publisher = {IEEE Computer Society},
 address = {Washington, DC, USA},
}
@online{
	TBB,
	author = {Intel},
	title = "{Intel Threading Building Blocks Documentation}",
	url = "http://software.intel.com/sites/products/documentation/doclib/tbb_sa/help/index.htm"
}
@online{
	Intel:MIC:QuickStartGuide,
	author = "Intel",
	title = "Intel Xeon Phi Coprocessor Developer's Quick Start Guide",
	url = "http://software.intel.com/en-us/articles/intel-xeon-phi-coprocessor-developers-quick-start-guide"
}
@online{
	IBM100:Fortran,
	author = "IBM",
	title = "FORTRAN -- The Pioneering Programming Language",
	url = "http://www-03.ibm.com/ibm/history/ibm100/us/en/icons/fortran/"
}
@manual{
	OpenACC,
	author = "OpenACC",
	title = "The OpenACC Application Programming Interface",
	date = "2011-11",
	url = "http://www.openacc.org/sites/default/files/OpenACC.1.0_0.pdf",
	version = "1.0"
}
@manual{
	OpenACC:2.0,
	author = "Michael Wolfe",
	title = "The OpenACC Application Programming Interface",
	date = "2013-06",
	url = "http://www.openacc.org/sites/default/files/OpenACC%202%200.pdf",
	version = "2.0"
}
@manual{
	OpenMP:spec3.1,
	author = "OpenMP Architecture Review Board",
	title = "OpenMP Application Program Interface",
	url = "http://www.openmp.org/mp-documents/OpenMP3.1.pdf",
	version = "3.1",
	date = "2011-07"
}
@online{
	OpenMP,
	title = "About the OpenMP ARB and OpenMP.org",
	editor = "OpenMP Architecture Review Board",
	url = "http://openmp.org/wp/about-openmp/"
}
@techreport{
	Deadman:Higham:Ralha:2012,
	author =      "Deadman, Edvin and Higham, Nicholas J. and Ralha, Rui",
	title =       "A Recursive Blocked {S}chur Algorithm for Computing the Matrix Square Root",
	date = "2012-01",
	type =        "MIMS EPrint",
	number =      "2012.26",
	ISSN =        "1749-9097",
	institution = "Manchester Institute for Mathematical Sciences, University of Manchester",
	address =     "Manchester, UK",
	url =         "http://eprints.ma.man.ac.uk/1775"
}
@inproceedings{
	Deadman:Higham:Ralha:2013,
	author = "Edvin Deadman and Nicholas J. Higham and Rui Ralha",
	title = "Blocked {Schur} Algorithms for Computing the Matrix Square Root",
	booktitle = "Applied Parallel and Scientific Computing: 11th International Conference, {PARA 2012, Helsinki, Finland}",
	editor = "P. Manninen and P. {\"O}ster",
	series = "Lecture Notes in Computer Science",
	volume =  7782,
	pages = "171-182",
	year = 2013,
	publisher = pub-Springer # ", " # pub-Springer:adr-B,
	doi = "10.1007/978-3-642-36803-5_12",
	created = "2013.03.08",
	updated = "2013.03.08"
}
@article{Jonsson:Kagstrom:2002,
	author = "Jonsson, Isak and K{\aa}gstr\"{o}m, Bo",
	title  = "Recursive blocked algorithms for solving triangular systems -- Part I: one-sided and coupled Sylvester-type matrix equations",
	journal = {ACM Trans. Math. Softw.},
	issue_date = {December 2002},
	volume = {28},
	number = {4},
	month = dec,
	year = {2002},
	pages = {392--415},
	numpages = {24}
}
@article{
	Higham:1987,
	author = "Nicholas J. Higham",
    doi = {10.1016/0024-3795(87)90118-2},
    issn = {0024-3795},
    journal = {Linear Algebra and its Applications},
    month = Apr,
    pages = {405--430},
    posted-at = {2013-08-17 21:20:52},
    priority = {0},
    title = {{Computing real square roots of a real matrix✩}},
    url = {www.maths.manchester.ac.uk/nareports/narep89.pdf},
    volume = {88-89},
    year = {1987}
}
@misc{
	Strohmaier:2005:20years,
    author = {Erich Strohmaier},
    title = {20 Years Supercomputer Market Analysis},
    year = {2005}
}
@online{
	TOP500:overtime,
	date = "2013-08",
	title = "Development over Time",
	url = "http://www.top500.org/statistics/overtime/"
}
@collection{
	TheNextWave:1:2013:Supercomputers,
	editor = "National Security Agency",
	title  = "The Next Wave",
	volume = "20",
	year = "2013",
	number = "1",
	url    = "http://www.nsa.gov/research/tnw/tnw201/articles/pdfs/TNW_20_1_Web.pdf"
}
@ARTICLE{
	Moore:1965, 
	author={Moore, G.E.}, 
	journal={Proceedings of the IEEE}, 
	title={Cramming More Components Onto Integrated Circuits}, 
	year={1998}, 
	volume={86}, 
	number={1}, 
	pages={82-85}, 
	keywords={Aerospace electronics;Costs;Home computing;Integrated circuit reliability;Integrated circuit technology;Portable computers;Semiconductor films;Space technology;Switches;Telephony}, 
	doi={10.1109/JPROC.1998.658762}, 
	ISSN={0018-9219},
	url = {http://www.cs.utexas.edu/~fussell/courses/cs352h/papers/moore.pdf}
}
@inproceedings{
	Moore:1975, 
	author={Moore, G.E.}, 
	booktitle={Electron Devices Meeting, 1975 International}, 
	title={Progress in digital integrated electronics}, 
	year={1975}, 
	volume={21}, 
	pages={11-13}, 
	keywords={Cost function;Geometry;Integrated circuit interconnections;Integrated circuit technology;Logic arrays;Manufacturing processes;Microprocessors;Microstructure;Process design;System performance},
	url = {http://www.eng.auburn.edu/~agrawvd/COURSE/E7770_Spr07/READ/Gordon_Moore_1975_Speech.pdf}
}
@online{
	ComputerHistory:Moore,
	title = {1965 - "Moore's Law" Predicts the Future of Integrated Circuits},
	url = {http://www.computerhistory.org/semiconductor/timeline/1965-Moore.html},
	urldate = "2013-08-13"
}
@online{
	Farber:2011:RedefiningWhatIsPossible,
	date = {2011-01},
	title = {Redefining What is Possible},
	url = {http://www.scientificcomputing.com/printpdf/articles/2011/01/redefining-what-possible}
}
@TechReport{
	FLAWN61,
	author =      {Francisco D. Igual and Murtaza Ali and Arnon Friedmann and Eric Stotzer and Timothy Wentz and Robert van de Geijn},
	title =       {Unleashing DSPs for General-Purpose HPC},
	subtitle =    {{FLAME} {W}orking {N}ote \#61},
	institution = {The University of Texas at Austin, Department of Computer Sciences},
	type =        {Technical Report},
	number =      {TR-12-02},
	date =        {2012-02}
}
@article{
	Brodtkorb:2010,
	author = {Brodtkorb, Andre R. and Dyken, Christopher and Hagen, Trond R. and Hjelmervik, Jon M. and Storaasli, Olaf O.},
	title = {State-of-the-art in heterogeneous computing},
	journal = {Sci. Program.},
	issue_date = {January 2010},
	volume = {18},
	number = {1},
	month = jan,
	year = {2010},
	issn = {1058-9244},
	pages = {1--33},
	numpages = {33},
	url = {http://dl.acm.org/citation.cfm?id=1804799.1804800},
	acmid = {1804800},
	publisher = {IOS Press},
	address = {Amsterdam, The Netherlands, The Netherlands},
	keywords = {Power-efficient architectures, energy and power consumption, microprocessor performance, parallel computer architecture, stream or vector architectures},
} 
@online{
	AMD:MagnyCours,
	editor = {AMD},
	title = {Introduction to “Magny-Cours”},
	date = {2013-08},
	url = {http://developer.amd.com/resources/documentation-articles/articles-whitepapers/introduction-to-magny-cours/}
}
@online{
	DrDobbs:MIC:april12,
	author = "Rob Farber",
	editor = "Dr. Dobb's",
	title = "Intel's 50+ core MIC architecture: HPC on a Card or Massive Co-Processor?",
	date = "2012-10",
	url = "http://www.drdobbs.com/parallel/intels-50-core-mic-architecture-hpc-on-a/232800139"
}
@article{
	Lam:1991,
	author = {Lam, Monica D. and Rothberg, Edward E. and Wolf, Michael E.},
	title = {The cache performance and optimizations of blocked algorithms},
	journal = {SIGPLAN Not.},
	issue_date = {Apr. 1991},
	volume = {26},
	number = {4},
	month = apr,
	year = {1991},
	issn = {0362-1340},
	pages = {63--74},
	numpages = {12},
	url = {http://doi.acm.org/10.1145/106973.106981},
	doi = {10.1145/106973.106981},
	acmid = {106981},
	publisher = {ACM},
	address = {New York, NY, USA},
}
@article{
	Nath:2010,
	author = {Nath, Rajib and Tomov, Stanimire and Dongarra, Jack},
	title = {An Improved Magma Gemm For Fermi Graphics Processing Units},
	journal = {Int. J. High Perform. Comput. Appl.},
	issue_date = {November  2010},
	volume = {24},
	number = {4},
	month = nov,
	year = {2010},
	issn = {1094-3420},
	pages = {511--515},
	numpages = {5},
	url = {http://dx.doi.org/10.1177/1094342010385729},
	doi = {10.1177/1094342010385729},
	acmid = {1889710},
	publisher = {Sage Publications, Inc.},
	address = {Thousand Oaks, CA, USA},
	keywords = {CUDA matrix mutiply, Fermi, GPU BLAS, dense linear algebra, hybrid computing},
}
@manual{
	intel:datasheet:xeonphi,
	editor = "Intel Corporation",
	title  = "Intel® Xeon Phi™ Coprocessor",
	date   = "2013-06",
	url    = "http://www.intel.com/content/dam/www/public/us/en/documents/datasheets/xeon-phi-coprocessor-datasheet.pdf"
}
@inproceedings{
	Amdahl:1967,
	author = {Amdahl, Gene M.},
	title = {Validity of the single processor approach to achieving large scale computing capabilities},
	booktitle = {Proceedings of the April 18-20, 1967, spring joint computer conference},
	series = {AFIPS '67 (Spring)},
	year = {1967},
	location = {Atlantic City, New Jersey},
	pages = {483--485},
	numpages = {3},
	url = {http://doi.acm.org/10.1145/1465482.1465560},
	doi = {10.1145/1465482.1465560},
	acmid = {1465560},
	publisher = {ACM},
	address = {New York, NY, USA},
}
@book{
	PMPP:2012,
	author = {Kirk, David B. and Hwu, Wen-mei W.},
	title = {Programming Massively Parallel Processors: A Hands-on Approach},
	year = {2012-12},
	isbn = {0124159923, 9780124159921},
	edition = {2nd},
	publisher = {Morgan Kaufmann Publishers Inc.},
	address = {San Francisco, CA, USA},
} 
@book{
	Quinn:PP:2003,
	author = "Michael J. Quinn",
	title  = "Parallel Programming in C with MPI and OpenMP",
	editor = "McGraw-Hill",
	edition = "International",
	isbn   = "007-123265-6"
}
@book{
	Golub:Loan:MC:1996,
	author  = "Gene H. Golub and Charles F. Van Loan",
	title   = "Matrix Computations",
	editor  = "The Johns Hopkins University Press",
	edition = "Third",
	isbn    = "0-8018-5414-8"
}
@online{
	SO:cache_resonance,
	author = "Krazy Glew",
	title  = "Matrix multiplication: Small difference in matrix size, large difference in timings",
	url    = "http://stackoverflow.com/a/10364901/664321"
}
@online{
	MathWorks:LAPACK,
	author = "Cleve Moler",
	editor = "MathWorks",
	title  = "MATLAB Incorporates LAPACK",
	url    = "http://www.mathworks.com/company/newsletters/articles/matlab-incorporates-lapack.html"
}
@book{
	CbE:2011,
	author = "Jason Sanders and Edward Kandrot",
	title  = "CUDA by Example",
	subtitle = "An Introduction to General-Purpose GPU Programming",
	editor = "NVIDIA Corporation",
	year   = 2011,
	isbn = "978-0-13-138768-3, 0-13-138768-5"
}
@online{
	LLNL:Barney:pthreads,
	author = "Blaise Barney",
	editor = "Lawrence Livermore National Laboratory",
	title = "POSIX Threads Programming",
	url = "https://computing.llnl.gov/tutorials/pthreads/"
}
@online{
	Intel:pthreads_or_openmp,
	author = "Andrew Binstock",
	editor = "Intel Corporation",
	title = "Threading Models for High-Performance Computing: Pthreads or OpenMP?",
	url = "http://software.intel.com/en-us/articles/threading-models-for-high-performance-computing-pthreads-or-openmp"
}
@misc{
	Intel:MIC:Overview,
	author = "James Reinders",
	editor = "Intel Corporation",
	title = "An Overview of Programming for Intel Xeon processors and Intel Xeon Phi coprocessors",
	date = "2012",
	url = "http://software.intel.com/sites/default/files/article/330164/an-overview-of-programming-for-intel-xeon-processors-and-intel-xeon-phi-coprocessors.pdf"
}
@misc{
	NVIDIA:TeslaKSeriesOverview,
	title = "Tesla Kepler GPU Accelerators",
	editor = "NVIDIA",
	url = "http://www.nvidia.com/content/tesla/pdf/Tesla-KSeries-Overview-LR.pdf"
}
@online{
	Intel:XeonPhi:5110P,
	editor = "Intel Corporation",
	title = "Intel Xeon Phi Coprocessor 5110P",
	url = "http://ark.intel.com/products/71992/Intel-Xeon-Phi-Coprocessor-5110P-8GB-1_053-GHz-60-core"
}
@online{
	Intel:Xeon:e5_2650,
	editor = intel:editor,
	title = "Intel Xeon Processor E5-2650",
	url = "http://ark.intel.com/products/64590/"
}
@manual{
	Intel:Xeon:e5_2600,
	editor = intel:editor,
	title = "Intel® Xeon® Processor E5-1600/ E5-2600/E5-4600 Product Families",
	date = "2012-05",
	url = "http://www.intel.com/content/dam/www/public/us/en/documents/datasheets/xeon-e5-1600-2600-vol-1-datasheet.pdf"
}
@online{
	Intel:Xeon:e5_2670,
	editor = intel:editor,
	title = "Intel Xeon Processor E5-2670",
	url = "http://ark.intel.com/products/64595/"
}
@online{
	NVIDIA:GPGPU,
	editor = nvidia:editor,
	title = "What is GPU Computing?",
	url = "http://www.nvidia.com/object/what-is-gpu-computing.html"
}
@manual{
	Intel:XeonPhi:DevGuide,
	author = "Sudha U. Thiagarajan and Charles Congdon and Sumedh Naik and Loc Q. Nguyen",
	editor = intel:editor,
	date = "2012-12",
	title = "Intel® Xeon Phi™ Coprocessor Developer's Quick Start Guide",
	url = "http://software.intel.com/sites/default/files/article/335818/intel-xeon-phi-coprocessor-quick-start-developers-guide.pdf",
	version = "1.5"
}
@misc{
	Intel:MIC:Discovery,
	editor = intel:editor,
	title = "Introducing the Intel® Xeon Phi™ Coprocessor",
	subtitle = "Architecture for Discovery",
	url = "http://www.intel.com/content/dam/www/public/us/en/documents/presentation/xeon-phi-architecture-for-discovery-presentation.pdf"
}
@manual{
	PRACE:MIC:BestPracticeGuide,
	author = "Michaela Barth and Mikko Byckling and Nevena Ilieva and Sami Saarinen and Michael Schliephake",
	editor = "Volker Weinberg",
	title = "Best Practice Guide Intel Xeon Phi v0.1",
	date = "2013-03",
	url = "http://www.prace-project.eu/IMG/pdf/Best-Practice-Guide-Intel-Xeon-Phi.pdf"
}
@techreport{
	CESGA:MIC:Evaluation,
	author = "José Carlos Mouriño Gallego and Carmen Cotelo Queijo and Andrés Gómez Tato and Aurelio Rodríguez López",
	editor = "CESGA",
	title = "Evaluation of Intel® Xeon Phi™ to execute easily scientific applications.",
	date = "2013-07",
	url = "https://www.cesga.es/es/biblioteca/downloadAsset/id/732"
}
@article{
	Parlett:1976,
	title = "A recurrence among the elements of functions of triangular matrices ",
	journal = "Linear Algebra and its Applications ",
	volume = "14",
	number = "2",
	pages = "117 - 121",
	year = "1976",
	issn = "0024-3795",
	doi = "http://dx.doi.org/10.1016/0024-3795(76)90018-5",
	url = "http://www.sciencedirect.com/science/article/pii/0024379576900185",
	author = "B.N. Parlett"
}
