@article{
	Bjorck:Hammarling:1983,
	title = "A {S}chur method for the square root of a matrix",
	journal = "Linear Algebra and its Applications",
	volume = "52--53",
	pages = "127 - 140",
	year = "1983",
	author = "Åke Björck and Sven Hammarling"
}
@article{
	Brodtkorb:2010:SHC,
	author =    "Andre R. Brodtkorb and Christopher Dyken and Trond R. Hagen and Jon M. Hjelmervik and Olaf O. Storaasli",
	title =     "State-of-the-art in heterogeneous computing",
	journal =   "Sci. Program.",
	volume =    "18",
	number =    "1",
	month =     "January",
	year =      "2010",
	issn =      "1058-9244",
	url =       "http://dl.acm.org/citation.cfm?id=1804799.1804800",
	publisher = "IOS Press",
	address =   "Amsterdam, The Netherlands, The Netherlands"
}
@article{
	Stone:2010:OPPS,
	author = {Stone, John E. and Gohara, David and Shi, Guochun},
	title = {OpenCL: A Parallel Programming Standard for Heterogeneous Computing Systems},
	journal = {IEEE Des. Test},
	issue_date = {May 2010},
	volume = {12},
	number = {3},
	month = may,
	year = {2010},
	issn = {0740-7475},
	pages = {66--73},
	numpages = {8},
	url = {http://dx.doi.org/10.1109/MCSE.2010.69},
	doi = {10.1109/MCSE.2010.69},
	acmid = {1803953},
	publisher = {IEEE Computer Society Press},
	address = {Los Alamitos, CA, USA}
}