@manual{
	OpenMP:3.1,
	author = "{OpenMP Architecture Review Board}",
	title = "{OpenMP Application Program Interface}",
	date = "2011-07",

	version = "3.1"
}
@online {
	TBB,
	editor = "Intel Corporation",
	title = "Intel\textsuperscript{\textregistered} Threading Building Blocks",
	date = "2013-02",
	url = "http://threadingbuildingblocks.org"
}
@manual {
	OpenACC:1.0,
	editor = "OpenACC",
	title = "{The OpenACC™ Application Programming Interface}",
	date = "2011-11",
	url = "http://www.openacc.org/sites/default/files/OpenACC.1.0_0.pdf",
	version = "1.0"
}
@manual {
	OpenHMPP:2.5,
	author = "Sudha Udanapalli Thiagarajan and Charles Congdon and Sumedh Naik and Loc Q Nguyen",
	title = "{OpenHMPP Directives}",
	date = "2012-11",
	url = "http://www.caps-entreprise.com/wp-content/uploads/2012/11/OpenHMPP-Directives.pdf",
	version = "2.5"
}
@online {
	Intel:XeonPhi:DevGuide,
	editor = "Intel Corporation",
	date = "2012",
	title = "Intel® Xeon Phi™ Coprocessor Developer's Quick Start Guide",
	url = "http://software.intel.com/en-us/articles/intel-xeon-phi-coprocessor-developers-quick-start-guide#overview"
}